%YAML 1.1
%TAG !u! tag:unity3d.com,2011:
--- !u!1 &2693477470498639187
GameObject:
  m_ObjectHideFlags: 0
  m_CorrespondingSourceObject: {fileID: 0}
  m_PrefabInstance: {fileID: 0}
  m_PrefabAsset: {fileID: 0}
  serializedVersion: 6
  m_Component:
  - component: {fileID: 2085176335171123963}
  - component: {fileID: 2429486467884146623}
  m_Layer: 0
  m_Name: sprite renderer
  m_TagString: Untagged
  m_Icon: {fileID: 0}
  m_NavMeshLayer: 0
  m_StaticEditorFlags: 0
  m_IsActive: 1
--- !u!4 &2085176335171123963
Transform:
  m_ObjectHideFlags: 0
  m_CorrespondingSourceObject: {fileID: 0}
  m_PrefabInstance: {fileID: 0}
  m_PrefabAsset: {fileID: 0}
  m_GameObject: {fileID: 2693477470498639187}
  serializedVersion: 2
  m_LocalRotation: {x: -0, y: -0, z: -0, w: 1}
  m_LocalPosition: {x: 0, y: 0, z: 0}
  m_LocalScale: {x: 1, y: 1, z: 1}
  m_ConstrainProportionsScale: 0
  m_Children: []
  m_Father: {fileID: 3795785798867503346}
  m_LocalEulerAnglesHint: {x: 0, y: 0, z: 0}
--- !u!212 &2429486467884146623
SpriteRenderer:
  m_ObjectHideFlags: 0
  m_CorrespondingSourceObject: {fileID: 0}
  m_PrefabInstance: {fileID: 0}
  m_PrefabAsset: {fileID: 0}
  m_GameObject: {fileID: 2693477470498639187}
  m_Enabled: 1
  m_CastShadows: 0
  m_ReceiveShadows: 0
  m_DynamicOccludee: 1
  m_StaticShadowCaster: 0
  m_MotionVectors: 1
  m_LightProbeUsage: 1
  m_ReflectionProbeUsage: 1
  m_RayTracingMode: 0
  m_RayTraceProcedural: 0
  m_RenderingLayerMask: 1
  m_RendererPriority: 0
  m_Materials:
  - {fileID: 2100000, guid: a97c105638bdf8b4a8650670310a4cd3, type: 2}
  m_StaticBatchInfo:
    firstSubMesh: 0
    subMeshCount: 0
  m_StaticBatchRoot: {fileID: 0}
  m_ProbeAnchor: {fileID: 0}
  m_LightProbeVolumeOverride: {fileID: 0}
  m_ScaleInLightmap: 1
  m_ReceiveGI: 1
  m_PreserveUVs: 0
  m_IgnoreNormalsForChartDetection: 0
  m_ImportantGI: 0
  m_StitchLightmapSeams: 1
  m_SelectedEditorRenderState: 0
  m_MinimumChartSize: 4
  m_AutoUVMaxDistance: 0.5
  m_AutoUVMaxAngle: 89
  m_LightmapParameters: {fileID: 0}
  m_SortingLayerID: 0
  m_SortingLayer: 0
  m_SortingOrder: 5
  m_Sprite: {fileID: 381635527, guid: 0265035e4ab069c46b5a22673313de27, type: 3}
  m_Color: {r: 1, g: 1, b: 1, a: 1}
  m_FlipX: 0
  m_FlipY: 0
  m_DrawMode: 0
  m_Size: {x: 1, y: 2}
  m_AdaptiveModeThreshold: 0.5
  m_SpriteTileMode: 0
  m_WasSpriteAssigned: 1
  m_MaskInteraction: 0
  m_SpriteSortPoint: 1
--- !u!1 &4272995972614464394
GameObject:
  m_ObjectHideFlags: 0
  m_CorrespondingSourceObject: {fileID: 0}
  m_PrefabInstance: {fileID: 0}
  m_PrefabAsset: {fileID: 0}
  serializedVersion: 6
  m_Component:
  - component: {fileID: 3795785798867503346}
  m_Layer: 0
  m_Name: sprite offset
  m_TagString: Untagged
  m_Icon: {fileID: 0}
  m_NavMeshLayer: 0
  m_StaticEditorFlags: 0
  m_IsActive: 1
--- !u!4 &3795785798867503346
Transform:
  m_ObjectHideFlags: 0
  m_CorrespondingSourceObject: {fileID: 0}
  m_PrefabInstance: {fileID: 0}
  m_PrefabAsset: {fileID: 0}
  m_GameObject: {fileID: 4272995972614464394}
  serializedVersion: 2
  m_LocalRotation: {x: 0, y: 0, z: 0, w: 1}
  m_LocalPosition: {x: 0, y: -0.455835, z: 0}
  m_LocalScale: {x: 1, y: 1, z: 1}
  m_ConstrainProportionsScale: 0
  m_Children:
  - {fileID: 2085176335171123963}
  - {fileID: 1824619316316075855}
  m_Father: {fileID: 1241412309979362707}
  m_LocalEulerAnglesHint: {x: 0, y: 0, z: 0}
--- !u!1 &7977084931129434562
GameObject:
  m_ObjectHideFlags: 0
  m_CorrespondingSourceObject: {fileID: 0}
  m_PrefabInstance: {fileID: 0}
  m_PrefabAsset: {fileID: 0}
  serializedVersion: 6
  m_Component:
  - component: {fileID: 1241412309979362707}
  - component: {fileID: 6955453340375048021}
  - component: {fileID: -6427675438341409307}
  - component: {fileID: 4401258895370447887}
  - component: {fileID: 1106010229000924270}
  - component: {fileID: 2484564806618737171}
  - component: {fileID: 5541428516482918736}
  m_Layer: 0
  m_Name: Mage
  m_TagString: Enemy
  m_Icon: {fileID: 0}
  m_NavMeshLayer: 0
  m_StaticEditorFlags: 0
  m_IsActive: 1
--- !u!4 &1241412309979362707
Transform:
  m_ObjectHideFlags: 0
  m_CorrespondingSourceObject: {fileID: 0}
  m_PrefabInstance: {fileID: 0}
  m_PrefabAsset: {fileID: 0}
  m_GameObject: {fileID: 7977084931129434562}
  serializedVersion: 2
  m_LocalRotation: {x: 0, y: 0, z: 0, w: 1}
  m_LocalPosition: {x: 0, y: 0, z: 0}
  m_LocalScale: {x: 1, y: 1, z: 1}
  m_ConstrainProportionsScale: 0
  m_Children:
  - {fileID: 3795785798867503346}
  m_Father: {fileID: 0}
  m_LocalEulerAnglesHint: {x: 0, y: 0, z: 0}
--- !u!114 &6955453340375048021
MonoBehaviour:
  m_ObjectHideFlags: 0
  m_CorrespondingSourceObject: {fileID: 0}
  m_PrefabInstance: {fileID: 0}
  m_PrefabAsset: {fileID: 0}
  m_GameObject: {fileID: 7977084931129434562}
  m_Enabled: 1
  m_EditorHideFlags: 0
  m_Script: {fileID: 11500000, guid: 7c2ab5de86cc1794a97304684828e6dc, type: 3}
  m_Name: 
  m_EditorClassIdentifier: 
  healthPoints: 100
  movementSpeed: 0.7
  attackRange: 4.25
  weight: 3
  dropQuantity: 3
  gemSpawner: {fileID: 1106010229000924270}
  OnDeathParticlesToInstantiate:
  - {fileID: 6655348014509226765, guid: b212b3aa6bd91d74d83107ff02976f9e, type: 3}
  spriteRenderer: {fileID: 2429486467884146623}
  isBurning: 0
  burningTimer: 0
  isFreezed: 0
  freezedTimer: 0
  spawnInvincibilityDuration: 0
  invincible: 0
  defaultKnockbackDistance: 1
  deafultKnockbackDuration: 0.5
  knockbackCurve:
    serializedVersion: 2
    m_Curve:
    - serializedVersion: 3
      time: 0
      value: 0
      inSlope: 2.8301885
      outSlope: 2.8301885
      tangentMode: 0
      weightedMode: 0
      inWeight: 0
      outWeight: 0.041666668
    - serializedVersion: 3
      time: 1
      value: 1
      inSlope: 0.10553247
      outSlope: 0.10553247
      tangentMode: 0
      weightedMode: 0
      inWeight: 0.24583334
      outWeight: 0
    m_PreInfinity: 2
    m_PostInfinity: 2
    m_RotationOrder: 4
  damageText: {fileID: 0}
  projectilePrefab: {fileID: 5517326487374618731, guid: 08c116a83b882924f90ff0621b33b8c6, type: 3}
  attackChargeTime: 1
  attackCooldown: 2
  attackDamage: 1
--- !u!61 &-6427675438341409307
BoxCollider2D:
  m_ObjectHideFlags: 0
  m_CorrespondingSourceObject: {fileID: 0}
  m_PrefabInstance: {fileID: 0}
  m_PrefabAsset: {fileID: 0}
  m_GameObject: {fileID: 7977084931129434562}
  m_Enabled: 1
  m_Density: 1
  m_Material: {fileID: 0}
  m_IncludeLayers:
    serializedVersion: 2
    m_Bits: 0
  m_ExcludeLayers:
    serializedVersion: 2
    m_Bits: 0
  m_LayerOverridePriority: 0
  m_ForceSendLayers:
    serializedVersion: 2
    m_Bits: 4294967295
  m_ForceReceiveLayers:
    serializedVersion: 2
    m_Bits: 4294967295
  m_ContactCaptureLayers:
    serializedVersion: 2
    m_Bits: 4294967295
  m_CallbackLayers:
    serializedVersion: 2
    m_Bits: 4294967295
  m_IsTrigger: 0
  m_UsedByEffector: 0
  m_UsedByComposite: 0
  m_Offset: {x: 0, y: 0}
  m_SpriteTilingProperty:
    border: {x: 0, y: 0, z: 0, w: 0}
    pivot: {x: 0.5, y: 0.5}
    oldSize: {x: 1, y: 1}
    newSize: {x: 1, y: 2}
    adaptiveTilingThreshold: 0.5
    drawMode: 0
    adaptiveTiling: 0
  m_AutoTiling: 0
  serializedVersion: 2
  m_Size: {x: 0.6361354, y: 0.9}
  m_EdgeRadius: 0
--- !u!114 &4401258895370447887
MonoBehaviour:
  m_ObjectHideFlags: 0
  m_CorrespondingSourceObject: {fileID: 0}
  m_PrefabInstance: {fileID: 0}
  m_PrefabAsset: {fileID: 0}
  m_GameObject: {fileID: 7977084931129434562}
  m_Enabled: 1
  m_EditorHideFlags: 0
  m_Script: {fileID: 11500000, guid: b3dd08346b881bf44bc0c46d4dae0ee2, type: 3}
  m_Name: 
  m_EditorClassIdentifier: 
  parentOfBody: {fileID: 1241412309979362707}
--- !u!114 &1106010229000924270
MonoBehaviour:
  m_ObjectHideFlags: 0
  m_CorrespondingSourceObject: {fileID: 0}
  m_PrefabInstance: {fileID: 0}
  m_PrefabAsset: {fileID: 0}
  m_GameObject: {fileID: 7977084931129434562}
  m_Enabled: 1
  m_EditorHideFlags: 0
  m_Script: {fileID: 11500000, guid: a5217a2bc09807540aefad6b8d1579d3, type: 3}
  m_Name: 
  m_EditorClassIdentifier: 
  GemPrefab: {fileID: 5592216470363681503, guid: 39dc1a0a1a42bb34ba48e6c6e360b2d3, type: 3}
  spawnRadius: 1
--- !u!114 &2484564806618737171
MonoBehaviour:
  m_ObjectHideFlags: 0
  m_CorrespondingSourceObject: {fileID: 0}
  m_PrefabInstance: {fileID: 0}
  m_PrefabAsset: {fileID: 0}
  m_GameObject: {fileID: 7977084931129434562}
  m_Enabled: 1
  m_EditorHideFlags: 0
  m_Script: {fileID: 11500000, guid: 7efd788741aa4ee6920366b2fa0f6343, type: 3}
  m_Name: 
  m_EditorClassIdentifier: 
--- !u!95 &5541428516482918736
Animator:
  serializedVersion: 5
  m_ObjectHideFlags: 0
  m_CorrespondingSourceObject: {fileID: 0}
  m_PrefabInstance: {fileID: 0}
  m_PrefabAsset: {fileID: 0}
  m_GameObject: {fileID: 7977084931129434562}
  m_Enabled: 1
  m_Avatar: {fileID: 0}
  m_Controller: {fileID: 9100000, guid: 7ffa1e21254a25243b733e6050febdd6, type: 2}
  m_CullingMode: 0
  m_UpdateMode: 0
  m_ApplyRootMotion: 0
  m_LinearVelocityBlending: 0
  m_StabilizeFeet: 0
  m_WarningMessage: 
  m_HasTransformHierarchy: 1
  m_AllowConstantClipSamplingOptimization: 1
  m_KeepAnimatorStateOnDisable: 0
  m_WriteDefaultValuesOnDisable: 0
--- !u!1001 &1642364621343715680
PrefabInstance:
  m_ObjectHideFlags: 0
  serializedVersion: 2
  m_Modification:
    serializedVersion: 3
    m_TransformParent: {fileID: 3795785798867503346}
    m_Modifications:
    - target: {fileID: 702908311342628406, guid: 6958d62517301374cbd969ae65001e59, type: 3}
      propertyPath: m_Name
      value: Shadow
      objectReference: {fileID: 0}
    - target: {fileID: 1123789334974662191, guid: 6958d62517301374cbd969ae65001e59, type: 3}
      propertyPath: m_LocalScale.x
      value: 4.0025
      objectReference: {fileID: 0}
    - target: {fileID: 1123789334974662191, guid: 6958d62517301374cbd969ae65001e59, type: 3}
      propertyPath: m_LocalScale.y
      value: 1.601
      objectReference: {fileID: 0}
    - target: {fileID: 1123789334974662191, guid: 6958d62517301374cbd969ae65001e59, type: 3}
      propertyPath: m_LocalScale.z
      value: 1.601
      objectReference: {fileID: 0}
    - target: {fileID: 1123789334974662191, guid: 6958d62517301374cbd969ae65001e59, type: 3}
      propertyPath: m_LocalPosition.x
      value: 0
      objectReference: {fileID: 0}
    - target: {fileID: 1123789334974662191, guid: 6958d62517301374cbd969ae65001e59, type: 3}
      propertyPath: m_LocalPosition.y
      value: 0.06
      objectReference: {fileID: 0}
    - target: {fileID: 1123789334974662191, guid: 6958d62517301374cbd969ae65001e59, type: 3}
      propertyPath: m_LocalPosition.z
      value: 0
      objectReference: {fileID: 0}
    - target: {fileID: 1123789334974662191, guid: 6958d62517301374cbd969ae65001e59, type: 3}
      propertyPath: m_LocalRotation.w
      value: 1
      objectReference: {fileID: 0}
    - target: {fileID: 1123789334974662191, guid: 6958d62517301374cbd969ae65001e59, type: 3}
      propertyPath: m_LocalRotation.x
      value: -0
      objectReference: {fileID: 0}
    - target: {fileID: 1123789334974662191, guid: 6958d62517301374cbd969ae65001e59, type: 3}
      propertyPath: m_LocalRotation.y
      value: -0
      objectReference: {fileID: 0}
    - target: {fileID: 1123789334974662191, guid: 6958d62517301374cbd969ae65001e59, type: 3}
      propertyPath: m_LocalRotation.z
      value: -0
      objectReference: {fileID: 0}
    - target: {fileID: 1123789334974662191, guid: 6958d62517301374cbd969ae65001e59, type: 3}
      propertyPath: m_LocalEulerAnglesHint.x
      value: 0
      objectReference: {fileID: 0}
    - target: {fileID: 1123789334974662191, guid: 6958d62517301374cbd969ae65001e59, type: 3}
      propertyPath: m_LocalEulerAnglesHint.y
      value: 0
      objectReference: {fileID: 0}
    - target: {fileID: 1123789334974662191, guid: 6958d62517301374cbd969ae65001e59, type: 3}
      propertyPath: m_LocalEulerAnglesHint.z
      value: 0
      objectReference: {fileID: 0}
    m_RemovedComponents: []
    m_RemovedGameObjects: []
    m_AddedGameObjects: []
    m_AddedComponents: []
  m_SourcePrefab: {fileID: 100100000, guid: 6958d62517301374cbd969ae65001e59, type: 3}
--- !u!4 &1824619316316075855 stripped
Transform:
  m_CorrespondingSourceObject: {fileID: 1123789334974662191, guid: 6958d62517301374cbd969ae65001e59, type: 3}
  m_PrefabInstance: {fileID: 1642364621343715680}
  m_PrefabAsset: {fileID: 0}
