%YAML 1.1
%TAG !u! tag:unity3d.com,2011:
--- !u!1 &1487628503501173887
GameObject:
  m_ObjectHideFlags: 0
  m_CorrespondingSourceObject: {fileID: 0}
  m_PrefabInstance: {fileID: 0}
  m_PrefabAsset: {fileID: 0}
  serializedVersion: 6
  m_Component:
  - component: {fileID: 603500016198707112}
  - component: {fileID: 801574271214781341}
  - component: {fileID: 626540275060672406}
  m_Layer: 5
  m_Name: BackPanel
  m_TagString: Untagged
  m_Icon: {fileID: 0}
  m_NavMeshLayer: 0
  m_StaticEditorFlags: 0
  m_IsActive: 1
--- !u!224 &603500016198707112
RectTransform:
  m_ObjectHideFlags: 0
  m_CorrespondingSourceObject: {fileID: 0}
  m_PrefabInstance: {fileID: 0}
  m_PrefabAsset: {fileID: 0}
  m_GameObject: {fileID: 1487628503501173887}
  m_LocalRotation: {x: 0, y: 0, z: 0, w: 1}
  m_LocalPosition: {x: 0, y: 0, z: 0}
  m_LocalScale: {x: 1, y: 1, z: 1}
  m_ConstrainProportionsScale: 0
  m_Children: []
  m_Father: {fileID: 8732755871066809960}
  m_LocalEulerAnglesHint: {x: 0, y: 0, z: 0}
  m_AnchorMin: {x: 0.5, y: 0.5}
  m_AnchorMax: {x: 0.5, y: 0.5}
  m_AnchoredPosition: {x: 0, y: 0}
  m_SizeDelta: {x: 1920, y: 1080}
  m_Pivot: {x: 0.5, y: 0.5}
--- !u!222 &801574271214781341
CanvasRenderer:
  m_ObjectHideFlags: 0
  m_CorrespondingSourceObject: {fileID: 0}
  m_PrefabInstance: {fileID: 0}
  m_PrefabAsset: {fileID: 0}
  m_GameObject: {fileID: 1487628503501173887}
  m_CullTransparentMesh: 1
--- !u!114 &626540275060672406
MonoBehaviour:
  m_ObjectHideFlags: 0
  m_CorrespondingSourceObject: {fileID: 0}
  m_PrefabInstance: {fileID: 0}
  m_PrefabAsset: {fileID: 0}
  m_GameObject: {fileID: 1487628503501173887}
  m_Enabled: 1
  m_EditorHideFlags: 0
  m_Script: {fileID: 11500000, guid: fe87c0e1cc204ed48ad3b37840f39efc, type: 3}
  m_Name: 
  m_EditorClassIdentifier: 
  m_Material: {fileID: 0}
  m_Color: {r: 0.05490196, g: 0.043137256, b: 0.18039216, a: 0}
  m_RaycastTarget: 1
  m_RaycastPadding: {x: 0, y: 0, z: 0, w: 0}
  m_Maskable: 1
  m_OnCullStateChanged:
    m_PersistentCalls:
      m_Calls: []
  m_Sprite: {fileID: 0}
  m_Type: 0
  m_PreserveAspect: 0
  m_FillCenter: 1
  m_FillMethod: 4
  m_FillAmount: 1
  m_FillClockwise: 1
  m_FillOrigin: 0
  m_UseSpriteMesh: 0
  m_PixelsPerUnitMultiplier: 1
--- !u!1 &5512577885829257007
GameObject:
  m_ObjectHideFlags: 0
  m_CorrespondingSourceObject: {fileID: 0}
  m_PrefabInstance: {fileID: 0}
  m_PrefabAsset: {fileID: 0}
  serializedVersion: 6
  m_Component:
  - component: {fileID: 8732755871066809960}
  - component: {fileID: 8783339020959850564}
  m_Layer: 5
  m_Name: Game Over Menu
  m_TagString: Untagged
  m_Icon: {fileID: 0}
  m_NavMeshLayer: 0
  m_StaticEditorFlags: 0
  m_IsActive: 1
--- !u!224 &8732755871066809960
RectTransform:
  m_ObjectHideFlags: 0
  m_CorrespondingSourceObject: {fileID: 0}
  m_PrefabInstance: {fileID: 0}
  m_PrefabAsset: {fileID: 0}
  m_GameObject: {fileID: 5512577885829257007}
  m_LocalRotation: {x: 0, y: 0, z: 0, w: 1}
  m_LocalPosition: {x: 0, y: 0, z: 0}
  m_LocalScale: {x: 1, y: 1, z: 1}
  m_ConstrainProportionsScale: 0
  m_Children:
  - {fileID: 603500016198707112}
  - {fileID: 5317540310011044973}
  - {fileID: 6147938597605518938}
  - {fileID: 3955042570179727435}
  m_Father: {fileID: 0}
  m_LocalEulerAnglesHint: {x: 0, y: 0, z: 0}
  m_AnchorMin: {x: 0.5, y: 0.5}
  m_AnchorMax: {x: 0.5, y: 0.5}
  m_AnchoredPosition: {x: 0, y: 0}
  m_SizeDelta: {x: 100, y: 100}
  m_Pivot: {x: 0.5, y: 0.5}
--- !u!95 &8783339020959850564
Animator:
  serializedVersion: 5
  m_ObjectHideFlags: 0
  m_CorrespondingSourceObject: {fileID: 0}
  m_PrefabInstance: {fileID: 0}
  m_PrefabAsset: {fileID: 0}
  m_GameObject: {fileID: 5512577885829257007}
  m_Enabled: 1
  m_Avatar: {fileID: 0}
  m_Controller: {fileID: 9100000, guid: 727c296c4e92ab84fa2be4f07162db86, type: 2}
  m_CullingMode: 0
  m_UpdateMode: 2
  m_ApplyRootMotion: 0
  m_LinearVelocityBlending: 0
  m_StabilizeFeet: 0
  m_WarningMessage: 
  m_HasTransformHierarchy: 1
  m_AllowConstantClipSamplingOptimization: 1
  m_KeepAnimatorStateOnDisable: 0
  m_WriteDefaultValuesOnDisable: 0
--- !u!1 &5739151224662690653
GameObject:
  m_ObjectHideFlags: 0
  m_CorrespondingSourceObject: {fileID: 0}
  m_PrefabInstance: {fileID: 0}
  m_PrefabAsset: {fileID: 0}
  serializedVersion: 6
  m_Component:
  - component: {fileID: 5317540310011044973}
  - component: {fileID: 7691086498705984002}
  - component: {fileID: 8135280350284772381}
  m_Layer: 5
  m_Name: GAME OVER text
  m_TagString: Untagged
  m_Icon: {fileID: 0}
  m_NavMeshLayer: 0
  m_StaticEditorFlags: 0
  m_IsActive: 1
--- !u!224 &5317540310011044973
RectTransform:
  m_ObjectHideFlags: 0
  m_CorrespondingSourceObject: {fileID: 0}
  m_PrefabInstance: {fileID: 0}
  m_PrefabAsset: {fileID: 0}
  m_GameObject: {fileID: 5739151224662690653}
  m_LocalRotation: {x: 0, y: 0, z: 0, w: 1}
  m_LocalPosition: {x: 0, y: 0, z: 0}
  m_LocalScale: {x: 1, y: 1, z: 1}
  m_ConstrainProportionsScale: 0
  m_Children: []
  m_Father: {fileID: 8732755871066809960}
  m_LocalEulerAnglesHint: {x: 0, y: 0, z: 0}
  m_AnchorMin: {x: 0.5, y: 0.5}
  m_AnchorMax: {x: 0.5, y: 0.5}
  m_AnchoredPosition: {x: 0, y: 287}
  m_SizeDelta: {x: 1000, y: 50}
  m_Pivot: {x: 0.5, y: 0.5}
--- !u!222 &7691086498705984002
CanvasRenderer:
  m_ObjectHideFlags: 0
  m_CorrespondingSourceObject: {fileID: 0}
  m_PrefabInstance: {fileID: 0}
  m_PrefabAsset: {fileID: 0}
  m_GameObject: {fileID: 5739151224662690653}
  m_CullTransparentMesh: 1
--- !u!114 &8135280350284772381
MonoBehaviour:
  m_ObjectHideFlags: 0
  m_CorrespondingSourceObject: {fileID: 0}
  m_PrefabInstance: {fileID: 0}
  m_PrefabAsset: {fileID: 0}
  m_GameObject: {fileID: 5739151224662690653}
  m_Enabled: 1
  m_EditorHideFlags: 0
  m_Script: {fileID: 11500000, guid: f4688fdb7df04437aeb418b961361dc5, type: 3}
  m_Name: 
  m_EditorClassIdentifier: 
  m_Material: {fileID: 0}
  m_Color: {r: 1, g: 1, b: 1, a: 1}
  m_RaycastTarget: 1
  m_RaycastPadding: {x: 0, y: 0, z: 0, w: 0}
  m_Maskable: 1
  m_OnCullStateChanged:
    m_PersistentCalls:
      m_Calls: []
  m_text: GAME OVER
  m_isRightToLeft: 0
  m_fontAsset: {fileID: 11400000, guid: a534bab79cb5df74b88b68d1e8e91603, type: 2}
  m_sharedMaterial: {fileID: -1053745637648700527, guid: a534bab79cb5df74b88b68d1e8e91603, type: 2}
  m_fontSharedMaterials: []
  m_fontMaterial: {fileID: 0}
  m_fontMaterials: []
  m_fontColor32:
    serializedVersion: 2
    rgba: 4294967295
  m_fontColor: {r: 1, g: 1, b: 1, a: 1}
  m_enableVertexGradient: 0
  m_colorMode: 3
  m_fontColorGradient:
    topLeft: {r: 1, g: 1, b: 1, a: 1}
    topRight: {r: 1, g: 1, b: 1, a: 1}
    bottomLeft: {r: 1, g: 1, b: 1, a: 1}
    bottomRight: {r: 1, g: 1, b: 1, a: 1}
  m_fontColorGradientPreset: {fileID: 0}
  m_spriteAsset: {fileID: 0}
  m_tintAllSprites: 0
  m_StyleSheet: {fileID: 0}
  m_TextStyleHashCode: -1183493901
  m_overrideHtmlColors: 0
  m_faceColor:
    serializedVersion: 2
    rgba: 4294967295
  m_fontSize: 120
  m_fontSizeBase: 120
  m_fontWeight: 400
  m_enableAutoSizing: 0
  m_fontSizeMin: 18
  m_fontSizeMax: 72
  m_fontStyle: 0
  m_HorizontalAlignment: 2
  m_VerticalAlignment: 256
  m_textAlignment: 65535
  m_characterSpacing: 0
  m_wordSpacing: 0
  m_lineSpacing: 0
  m_lineSpacingMax: 0
  m_paragraphSpacing: 0
  m_charWidthMaxAdj: 0
  m_enableWordWrapping: 1
  m_wordWrappingRatios: 0.4
  m_overflowMode: 0
  m_linkedTextComponent: {fileID: 0}
  parentLinkedComponent: {fileID: 0}
  m_enableKerning: 1
  m_enableExtraPadding: 0
  checkPaddingRequired: 0
  m_isRichText: 1
  m_parseCtrlCharacters: 1
  m_isOrthographic: 1
  m_isCullingEnabled: 0
  m_horizontalMapping: 0
  m_verticalMapping: 0
  m_uvLineOffset: 0
  m_geometrySortingOrder: 0
  m_IsTextObjectScaleStatic: 0
  m_VertexBufferAutoSizeReduction: 0
  m_useMaxVisibleDescender: 1
  m_pageToDisplay: 1
  m_margin: {x: 0, y: 0, z: 0, w: 0}
  m_isUsingLegacyAnimationComponent: 0
  m_isVolumetricText: 0
  m_hasFontAssetChanged: 0
  m_baseMaterial: {fileID: 0}
  m_maskOffset: {x: 0, y: 0, z: 0, w: 0}
--- !u!1 &6028103814355039267
GameObject:
  m_ObjectHideFlags: 0
  m_CorrespondingSourceObject: {fileID: 0}
  m_PrefabInstance: {fileID: 0}
  m_PrefabAsset: {fileID: 0}
  serializedVersion: 6
  m_Component:
  - component: {fileID: 3955042570179727435}
  - component: {fileID: 6459580971089478544}
  - component: {fileID: 1474805306339892049}
  m_Layer: 5
  m_Name: Character GM
  m_TagString: Untagged
  m_Icon: {fileID: 0}
  m_NavMeshLayer: 0
  m_StaticEditorFlags: 0
  m_IsActive: 1
--- !u!224 &3955042570179727435
RectTransform:
  m_ObjectHideFlags: 0
  m_CorrespondingSourceObject: {fileID: 0}
  m_PrefabInstance: {fileID: 0}
  m_PrefabAsset: {fileID: 0}
  m_GameObject: {fileID: 6028103814355039267}
  m_LocalRotation: {x: 0, y: 0, z: 0, w: 1}
  m_LocalPosition: {x: 0, y: 0, z: 0}
  m_LocalScale: {x: 1, y: 1, z: 1}
  m_ConstrainProportionsScale: 0
  m_Children: []
  m_Father: {fileID: 8732755871066809960}
  m_LocalEulerAnglesHint: {x: 0, y: 0, z: 0}
  m_AnchorMin: {x: 0.5, y: 0.5}
  m_AnchorMax: {x: 0.5, y: 0.5}
  m_AnchoredPosition: {x: 0, y: 19}
  m_SizeDelta: {x: 200, y: 200}
  m_Pivot: {x: 0.5, y: 0.5}
--- !u!222 &6459580971089478544
CanvasRenderer:
  m_ObjectHideFlags: 0
  m_CorrespondingSourceObject: {fileID: 0}
  m_PrefabInstance: {fileID: 0}
  m_PrefabAsset: {fileID: 0}
  m_GameObject: {fileID: 6028103814355039267}
  m_CullTransparentMesh: 1
--- !u!114 &1474805306339892049
MonoBehaviour:
  m_ObjectHideFlags: 0
  m_CorrespondingSourceObject: {fileID: 0}
  m_PrefabInstance: {fileID: 0}
  m_PrefabAsset: {fileID: 0}
  m_GameObject: {fileID: 6028103814355039267}
  m_Enabled: 1
  m_EditorHideFlags: 0
  m_Script: {fileID: 11500000, guid: fe87c0e1cc204ed48ad3b37840f39efc, type: 3}
  m_Name: 
  m_EditorClassIdentifier: 
  m_Material: {fileID: 0}
  m_Color: {r: 1, g: 1, b: 1, a: 1}
  m_RaycastTarget: 1
  m_RaycastPadding: {x: 0, y: 0, z: 0, w: 0}
  m_Maskable: 1
  m_OnCullStateChanged:
    m_PersistentCalls:
      m_Calls: []
  m_Sprite: {fileID: 1447405327, guid: 246f565b4038b084297f74671fe4e25c, type: 3}
  m_Type: 0
  m_PreserveAspect: 0
  m_FillCenter: 1
  m_FillMethod: 4
  m_FillAmount: 1
  m_FillClockwise: 1
  m_FillOrigin: 0
  m_UseSpriteMesh: 0
  m_PixelsPerUnitMultiplier: 1
--- !u!1 &6799559695632041437
GameObject:
  m_ObjectHideFlags: 0
  m_CorrespondingSourceObject: {fileID: 0}
  m_PrefabInstance: {fileID: 0}
  m_PrefabAsset: {fileID: 0}
  serializedVersion: 6
  m_Component:
  - component: {fileID: 6147938597605518938}
  m_Layer: 5
  m_Name: GM Buttons
  m_TagString: Untagged
  m_Icon: {fileID: 0}
  m_NavMeshLayer: 0
  m_StaticEditorFlags: 0
  m_IsActive: 1
--- !u!224 &6147938597605518938
RectTransform:
  m_ObjectHideFlags: 0
  m_CorrespondingSourceObject: {fileID: 0}
  m_PrefabInstance: {fileID: 0}
  m_PrefabAsset: {fileID: 0}
  m_GameObject: {fileID: 6799559695632041437}
  m_LocalRotation: {x: 0, y: 0, z: 0, w: 1}
  m_LocalPosition: {x: 0, y: 0, z: 0}
  m_LocalScale: {x: 1, y: 1, z: 1}
  m_ConstrainProportionsScale: 0
  m_Children:
  - {fileID: 3124461638088634884}
  - {fileID: 8039278259956699633}
  m_Father: {fileID: 8732755871066809960}
  m_LocalEulerAnglesHint: {x: 0, y: 0, z: 0}
  m_AnchorMin: {x: 0.5, y: 0.5}
  m_AnchorMax: {x: 0.5, y: 0.5}
  m_AnchoredPosition: {x: 0, y: -182}
  m_SizeDelta: {x: 824, y: 160}
  m_Pivot: {x: 0.5, y: 0.5}
--- !u!1001 &997935444199517637
PrefabInstance:
  m_ObjectHideFlags: 0
  serializedVersion: 2
  m_Modification:
    serializedVersion: 3
    m_TransformParent: {fileID: 6147938597605518938}
    m_Modifications:
    - target: {fileID: 630130884678096043, guid: 730a60627a69dc042a9e2a485ac7657f, type: 3}
      propertyPath: m_Colors.m_HighlightedColor.b
      value: 0
      objectReference: {fileID: 0}
    - target: {fileID: 630130884678096043, guid: 730a60627a69dc042a9e2a485ac7657f, type: 3}
      propertyPath: m_Colors.m_HighlightedColor.g
      value: 0.76470596
      objectReference: {fileID: 0}
    - target: {fileID: 630130884678096043, guid: 730a60627a69dc042a9e2a485ac7657f, type: 3}
      propertyPath: m_Colors.m_HighlightedColor.r
      value: 0.9921569
      objectReference: {fileID: 0}
    - target: {fileID: 3908114515200585609, guid: 730a60627a69dc042a9e2a485ac7657f, type: 3}
      propertyPath: m_text
      value: Main Menu
      objectReference: {fileID: 0}
    - target: {fileID: 3908114515200585609, guid: 730a60627a69dc042a9e2a485ac7657f, type: 3}
      propertyPath: m_fontAsset
      value: 
      objectReference: {fileID: 11400000, guid: a534bab79cb5df74b88b68d1e8e91603, type: 2}
    - target: {fileID: 3908114515200585609, guid: 730a60627a69dc042a9e2a485ac7657f, type: 3}
      propertyPath: m_sharedMaterial
      value: 
      objectReference: {fileID: -1053745637648700527, guid: a534bab79cb5df74b88b68d1e8e91603, type: 2}
    - target: {fileID: 3908114515200585609, guid: 730a60627a69dc042a9e2a485ac7657f, type: 3}
      propertyPath: m_HorizontalAlignment
      value: 2
      objectReference: {fileID: 0}
    - target: {fileID: 3908114515200585609, guid: 730a60627a69dc042a9e2a485ac7657f, type: 3}
      propertyPath: m_hasFontAssetChanged
      value: 0
      objectReference: {fileID: 0}
    - target: {fileID: 6636570986759995939, guid: 730a60627a69dc042a9e2a485ac7657f, type: 3}
      propertyPath: m_Name
      value: ReturnToMainMenu Button
      objectReference: {fileID: 0}
    - target: {fileID: 7081945615784344628, guid: 730a60627a69dc042a9e2a485ac7657f, type: 3}
      propertyPath: m_Pivot.x
      value: 0.5
      objectReference: {fileID: 0}
    - target: {fileID: 7081945615784344628, guid: 730a60627a69dc042a9e2a485ac7657f, type: 3}
      propertyPath: m_Pivot.y
      value: 0.5
      objectReference: {fileID: 0}
    - target: {fileID: 7081945615784344628, guid: 730a60627a69dc042a9e2a485ac7657f, type: 3}
      propertyPath: m_AnchorMax.x
      value: 0.5
      objectReference: {fileID: 0}
    - target: {fileID: 7081945615784344628, guid: 730a60627a69dc042a9e2a485ac7657f, type: 3}
      propertyPath: m_AnchorMax.y
      value: 0.5
      objectReference: {fileID: 0}
    - target: {fileID: 7081945615784344628, guid: 730a60627a69dc042a9e2a485ac7657f, type: 3}
      propertyPath: m_AnchorMin.x
      value: 0.5
      objectReference: {fileID: 0}
    - target: {fileID: 7081945615784344628, guid: 730a60627a69dc042a9e2a485ac7657f, type: 3}
      propertyPath: m_AnchorMin.y
      value: 0.5
      objectReference: {fileID: 0}
    - target: {fileID: 7081945615784344628, guid: 730a60627a69dc042a9e2a485ac7657f, type: 3}
      propertyPath: m_SizeDelta.x
      value: 350
      objectReference: {fileID: 0}
    - target: {fileID: 7081945615784344628, guid: 730a60627a69dc042a9e2a485ac7657f, type: 3}
      propertyPath: m_SizeDelta.y
      value: 50
      objectReference: {fileID: 0}
    - target: {fileID: 7081945615784344628, guid: 730a60627a69dc042a9e2a485ac7657f, type: 3}
      propertyPath: m_LocalPosition.x
      value: 0
      objectReference: {fileID: 0}
    - target: {fileID: 7081945615784344628, guid: 730a60627a69dc042a9e2a485ac7657f, type: 3}
      propertyPath: m_LocalPosition.y
      value: 0
      objectReference: {fileID: 0}
    - target: {fileID: 7081945615784344628, guid: 730a60627a69dc042a9e2a485ac7657f, type: 3}
      propertyPath: m_LocalPosition.z
      value: 0
      objectReference: {fileID: 0}
    - target: {fileID: 7081945615784344628, guid: 730a60627a69dc042a9e2a485ac7657f, type: 3}
      propertyPath: m_LocalRotation.w
      value: 1
      objectReference: {fileID: 0}
    - target: {fileID: 7081945615784344628, guid: 730a60627a69dc042a9e2a485ac7657f, type: 3}
      propertyPath: m_LocalRotation.x
      value: -0
      objectReference: {fileID: 0}
    - target: {fileID: 7081945615784344628, guid: 730a60627a69dc042a9e2a485ac7657f, type: 3}
      propertyPath: m_LocalRotation.y
      value: -0
      objectReference: {fileID: 0}
    - target: {fileID: 7081945615784344628, guid: 730a60627a69dc042a9e2a485ac7657f, type: 3}
      propertyPath: m_LocalRotation.z
      value: -0
      objectReference: {fileID: 0}
    - target: {fileID: 7081945615784344628, guid: 730a60627a69dc042a9e2a485ac7657f, type: 3}
      propertyPath: m_AnchoredPosition.x
      value: -237
      objectReference: {fileID: 0}
    - target: {fileID: 7081945615784344628, guid: 730a60627a69dc042a9e2a485ac7657f, type: 3}
      propertyPath: m_AnchoredPosition.y
      value: 0
      objectReference: {fileID: 0}
    - target: {fileID: 7081945615784344628, guid: 730a60627a69dc042a9e2a485ac7657f, type: 3}
      propertyPath: m_LocalEulerAnglesHint.x
      value: 0
      objectReference: {fileID: 0}
    - target: {fileID: 7081945615784344628, guid: 730a60627a69dc042a9e2a485ac7657f, type: 3}
      propertyPath: m_LocalEulerAnglesHint.y
      value: 0
      objectReference: {fileID: 0}
    - target: {fileID: 7081945615784344628, guid: 730a60627a69dc042a9e2a485ac7657f, type: 3}
      propertyPath: m_LocalEulerAnglesHint.z
      value: 0
      objectReference: {fileID: 0}
    - target: {fileID: 8144696190213326378, guid: 730a60627a69dc042a9e2a485ac7657f, type: 3}
      propertyPath: m_Name
      value: Main Menu
      objectReference: {fileID: 0}
    m_RemovedComponents: []
    m_RemovedGameObjects: []
    m_AddedGameObjects: []
    m_AddedComponents:
    - targetCorrespondingSourceObject: {fileID: 6636570986759995939, guid: 730a60627a69dc042a9e2a485ac7657f, type: 3}
      insertIndex: -1
      addedObject: {fileID: 8267779999860226456}
  m_SourcePrefab: {fileID: 100100000, guid: 730a60627a69dc042a9e2a485ac7657f, type: 3}
--- !u!114 &389504522725439854 stripped
MonoBehaviour:
  m_CorrespondingSourceObject: {fileID: 630130884678096043, guid: 730a60627a69dc042a9e2a485ac7657f, type: 3}
  m_PrefabInstance: {fileID: 997935444199517637}
  m_PrefabAsset: {fileID: 0}
  m_GameObject: {fileID: 5890909357003436006}
  m_Enabled: 1
  m_EditorHideFlags: 0
  m_Script: {fileID: 11500000, guid: 4e29b1a8efbd4b44bb3f3716e73f07ff, type: 3}
  m_Name: 
  m_EditorClassIdentifier: 
--- !u!1 &5890909357003436006 stripped
GameObject:
  m_CorrespondingSourceObject: {fileID: 6636570986759995939, guid: 730a60627a69dc042a9e2a485ac7657f, type: 3}
  m_PrefabInstance: {fileID: 997935444199517637}
  m_PrefabAsset: {fileID: 0}
--- !u!114 &8267779999860226456
MonoBehaviour:
  m_ObjectHideFlags: 0
  m_CorrespondingSourceObject: {fileID: 0}
  m_PrefabInstance: {fileID: 0}
  m_PrefabAsset: {fileID: 0}
  m_GameObject: {fileID: 5890909357003436006}
  m_Enabled: 1
  m_EditorHideFlags: 0
  m_Script: {fileID: 11500000, guid: 1ca1c73a891c50b45800a181e3b9ebe5, type: 3}
  m_Name: 
  m_EditorClassIdentifier: 
  button: {fileID: 389504522725439854}
  tMPro: {fileID: 0}
  sceneToLoad: 0-Main Menu
--- !u!224 &8039278259956699633 stripped
RectTransform:
  m_CorrespondingSourceObject: {fileID: 7081945615784344628, guid: 730a60627a69dc042a9e2a485ac7657f, type: 3}
  m_PrefabInstance: {fileID: 997935444199517637}
  m_PrefabAsset: {fileID: 0}
--- !u!1001 &5265958428285488688
PrefabInstance:
  m_ObjectHideFlags: 0
  serializedVersion: 2
  m_Modification:
    serializedVersion: 3
    m_TransformParent: {fileID: 6147938597605518938}
    m_Modifications:
    - target: {fileID: 630130884678096043, guid: 730a60627a69dc042a9e2a485ac7657f, type: 3}
      propertyPath: m_Colors.m_HighlightedColor.b
      value: 0
      objectReference: {fileID: 0}
    - target: {fileID: 630130884678096043, guid: 730a60627a69dc042a9e2a485ac7657f, type: 3}
      propertyPath: m_Colors.m_HighlightedColor.g
      value: 0.76470596
      objectReference: {fileID: 0}
    - target: {fileID: 630130884678096043, guid: 730a60627a69dc042a9e2a485ac7657f, type: 3}
      propertyPath: m_Colors.m_HighlightedColor.r
      value: 0.9921569
      objectReference: {fileID: 0}
    - target: {fileID: 3908114515200585609, guid: 730a60627a69dc042a9e2a485ac7657f, type: 3}
      propertyPath: m_text
      value: Retry Game
      objectReference: {fileID: 0}
    - target: {fileID: 3908114515200585609, guid: 730a60627a69dc042a9e2a485ac7657f, type: 3}
      propertyPath: m_fontAsset
      value: 
      objectReference: {fileID: 11400000, guid: a534bab79cb5df74b88b68d1e8e91603, type: 2}
    - target: {fileID: 3908114515200585609, guid: 730a60627a69dc042a9e2a485ac7657f, type: 3}
      propertyPath: m_sharedMaterial
      value: 
      objectReference: {fileID: -1053745637648700527, guid: a534bab79cb5df74b88b68d1e8e91603, type: 2}
    - target: {fileID: 3908114515200585609, guid: 730a60627a69dc042a9e2a485ac7657f, type: 3}
      propertyPath: m_HorizontalAlignment
      value: 2
      objectReference: {fileID: 0}
    - target: {fileID: 3908114515200585609, guid: 730a60627a69dc042a9e2a485ac7657f, type: 3}
      propertyPath: m_hasFontAssetChanged
      value: 0
      objectReference: {fileID: 0}
    - target: {fileID: 6636570986759995939, guid: 730a60627a69dc042a9e2a485ac7657f, type: 3}
      propertyPath: m_Name
      value: Retry Button
      objectReference: {fileID: 0}
    - target: {fileID: 7081945615784344628, guid: 730a60627a69dc042a9e2a485ac7657f, type: 3}
      propertyPath: m_Pivot.x
      value: 0.5
      objectReference: {fileID: 0}
    - target: {fileID: 7081945615784344628, guid: 730a60627a69dc042a9e2a485ac7657f, type: 3}
      propertyPath: m_Pivot.y
      value: 0.5
      objectReference: {fileID: 0}
    - target: {fileID: 7081945615784344628, guid: 730a60627a69dc042a9e2a485ac7657f, type: 3}
      propertyPath: m_AnchorMax.x
      value: 0.5
      objectReference: {fileID: 0}
    - target: {fileID: 7081945615784344628, guid: 730a60627a69dc042a9e2a485ac7657f, type: 3}
      propertyPath: m_AnchorMax.y
      value: 0.5
      objectReference: {fileID: 0}
    - target: {fileID: 7081945615784344628, guid: 730a60627a69dc042a9e2a485ac7657f, type: 3}
      propertyPath: m_AnchorMin.x
      value: 0.5
      objectReference: {fileID: 0}
    - target: {fileID: 7081945615784344628, guid: 730a60627a69dc042a9e2a485ac7657f, type: 3}
      propertyPath: m_AnchorMin.y
      value: 0.5
      objectReference: {fileID: 0}
    - target: {fileID: 7081945615784344628, guid: 730a60627a69dc042a9e2a485ac7657f, type: 3}
      propertyPath: m_SizeDelta.x
      value: 350
      objectReference: {fileID: 0}
    - target: {fileID: 7081945615784344628, guid: 730a60627a69dc042a9e2a485ac7657f, type: 3}
      propertyPath: m_SizeDelta.y
      value: 50
      objectReference: {fileID: 0}
    - target: {fileID: 7081945615784344628, guid: 730a60627a69dc042a9e2a485ac7657f, type: 3}
      propertyPath: m_LocalPosition.x
      value: 0
      objectReference: {fileID: 0}
    - target: {fileID: 7081945615784344628, guid: 730a60627a69dc042a9e2a485ac7657f, type: 3}
      propertyPath: m_LocalPosition.y
      value: 0
      objectReference: {fileID: 0}
    - target: {fileID: 7081945615784344628, guid: 730a60627a69dc042a9e2a485ac7657f, type: 3}
      propertyPath: m_LocalPosition.z
      value: 0
      objectReference: {fileID: 0}
    - target: {fileID: 7081945615784344628, guid: 730a60627a69dc042a9e2a485ac7657f, type: 3}
      propertyPath: m_LocalRotation.w
      value: 1
      objectReference: {fileID: 0}
    - target: {fileID: 7081945615784344628, guid: 730a60627a69dc042a9e2a485ac7657f, type: 3}
      propertyPath: m_LocalRotation.x
      value: -0
      objectReference: {fileID: 0}
    - target: {fileID: 7081945615784344628, guid: 730a60627a69dc042a9e2a485ac7657f, type: 3}
      propertyPath: m_LocalRotation.y
      value: -0
      objectReference: {fileID: 0}
    - target: {fileID: 7081945615784344628, guid: 730a60627a69dc042a9e2a485ac7657f, type: 3}
      propertyPath: m_LocalRotation.z
      value: -0
      objectReference: {fileID: 0}
    - target: {fileID: 7081945615784344628, guid: 730a60627a69dc042a9e2a485ac7657f, type: 3}
      propertyPath: m_AnchoredPosition.x
      value: 237
      objectReference: {fileID: 0}
    - target: {fileID: 7081945615784344628, guid: 730a60627a69dc042a9e2a485ac7657f, type: 3}
      propertyPath: m_AnchoredPosition.y
      value: 0
      objectReference: {fileID: 0}
    - target: {fileID: 7081945615784344628, guid: 730a60627a69dc042a9e2a485ac7657f, type: 3}
      propertyPath: m_LocalEulerAnglesHint.x
      value: 0
      objectReference: {fileID: 0}
    - target: {fileID: 7081945615784344628, guid: 730a60627a69dc042a9e2a485ac7657f, type: 3}
      propertyPath: m_LocalEulerAnglesHint.y
      value: 0
      objectReference: {fileID: 0}
    - target: {fileID: 7081945615784344628, guid: 730a60627a69dc042a9e2a485ac7657f, type: 3}
      propertyPath: m_LocalEulerAnglesHint.z
      value: 0
      objectReference: {fileID: 0}
    m_RemovedComponents: []
    m_RemovedGameObjects: []
    m_AddedGameObjects: []
    m_AddedComponents:
    - targetCorrespondingSourceObject: {fileID: 6636570986759995939, guid: 730a60627a69dc042a9e2a485ac7657f, type: 3}
      insertIndex: -1
      addedObject: {fileID: 5299134700960337048}
  m_SourcePrefab: {fileID: 100100000, guid: 730a60627a69dc042a9e2a485ac7657f, type: 3}
--- !u!1 &1517052735274355731 stripped
GameObject:
  m_CorrespondingSourceObject: {fileID: 6636570986759995939, guid: 730a60627a69dc042a9e2a485ac7657f, type: 3}
  m_PrefabInstance: {fileID: 5265958428285488688}
  m_PrefabAsset: {fileID: 0}
--- !u!114 &5299134700960337048
MonoBehaviour:
  m_ObjectHideFlags: 0
  m_CorrespondingSourceObject: {fileID: 0}
  m_PrefabInstance: {fileID: 0}
  m_PrefabAsset: {fileID: 0}
  m_GameObject: {fileID: 1517052735274355731}
  m_Enabled: 1
  m_EditorHideFlags: 0
  m_Script: {fileID: 11500000, guid: 1ca1c73a891c50b45800a181e3b9ebe5, type: 3}
  m_Name: 
  m_EditorClassIdentifier: 
  button: {fileID: 4731838420976130715}
  tMPro: {fileID: 0}
  sceneToLoad: 2-Game Scene
--- !u!224 &3124461638088634884 stripped
RectTransform:
  m_CorrespondingSourceObject: {fileID: 7081945615784344628, guid: 730a60627a69dc042a9e2a485ac7657f, type: 3}
  m_PrefabInstance: {fileID: 5265958428285488688}
  m_PrefabAsset: {fileID: 0}
--- !u!114 &4731838420976130715 stripped
MonoBehaviour:
  m_CorrespondingSourceObject: {fileID: 630130884678096043, guid: 730a60627a69dc042a9e2a485ac7657f, type: 3}
  m_PrefabInstance: {fileID: 5265958428285488688}
  m_PrefabAsset: {fileID: 0}
  m_GameObject: {fileID: 1517052735274355731}
  m_Enabled: 1
  m_EditorHideFlags: 0
  m_Script: {fileID: 11500000, guid: 4e29b1a8efbd4b44bb3f3716e73f07ff, type: 3}
  m_Name: 
  m_EditorClassIdentifier: 
